<?xml version="1.0" encoding="UTF-8"?><collection xmlns="http://www.loc.gov/MARC21/slim"><record><leader>00649nam--2200181-i-4500</leader><controlfield tag="001">000049792</controlfield><controlfield tag="002">20161230</controlfield><controlfield tag="005">20161230201047</controlfield><controlfield tag="008">060222s1000------------r-----000-0-eng-d</controlfield><datafield ind1=" " ind2=" " tag="040"><subfield code="a">IFIN-HH</subfield></datafield><datafield ind1=" " ind2=" " tag="080"><subfield code="a">539.12.162.8:061.3</subfield></datafield><datafield ind1="1" ind2=" " tag="100"><subfield code="a">Gurtu, A</subfield></datafield><datafield ind1="1" ind2="0" tag="245"><subfield code="a">High energy physics symposium</subfield><subfield code="b">Proceedings of the vi high energy physics symposium regional college of eduaction, mysore december 6-11, 1982 volum2 ii invited talks</subfield><subfield code="c">A. gurtu, d. sankaranarayana (eds.)</subfield></datafield><datafield ind1=" " ind2=" " tag="260"><subfield code="a">Bombay</subfield><subfield code="b">Tata Institute Of Fundamental Research</subfield><subfield code="c">1982</subfield></datafield><datafield ind1=" " ind2=" " tag="300"><subfield code="a">457P</subfield></datafield><datafield ind1="1" ind2=" " tag="700"><subfield code="a">Sankaranarayana, D</subfield><subfield code="e">Ed</subfield></datafield><datafield ind1=" " ind2=" " tag="852"><subfield code="a">72098</subfield><subfield code="c">539.131</subfield></datafield><datafield ind1=" " ind2=" " tag="CAT"><subfield code="a">Sys</subfield><subfield code="c">20120313</subfield><subfield code="h">171120</subfield></datafield></record></collection>